@online{geeksforgeeks_structures,
  title = {Structures in C},
  howpublished = {\url{https://www.geeksforgeeks.org/structures-c/}},
}

@online{w3schools_c_structs,
  title = {C Structures},
  howpublished = {\url{https://www.w3schools.com/c/c_structs.php}},
}

@online{stackoverflow_binary_files,
  title = {Arquivos bin em C?},
  howpublished = {\url{https://pt.stackoverflow.com/questions/246487/como-ver-conteudo-de-um-arquivo-bin-gerado-em-c}},
}

@online{stackoverflow_sort_structs,
  title = {Como ordenar array de estruturas},
  howpublished = {\url{https://pt.stackoverflow.com/questions/253763/como-ordenar-array-estruturas-baseado-no-rank-das-musicas}},
}

@online{stackoverflow_sort_strings,
  title = {Strings em ordem alfab√©tica},
  howpublished = {\url{https://pt.stackoverflow.com/questions/72494/printar-strings-em-ordem-alfab%C3%A9tica}},
}

@online{doxygen_manual,
  title = {Doxygen Manual},
  howpublished = {\url{https://www.doxygen.nl/manual/docblocks.html}},
}

